@article{Onsager1949,
	Author = {L. Onsager},
	Journal = {Il Nuovo Cimento Series 9},
  volume = {6},
  number = {2 Suppl.},
	Pages = {279},
	Title = {Statistical hydrodynamics},
	Year = {1949}
  }

@article{Onsager1934Deviations,
   author = {Onsager, L.},
   title = {{Deviations from Ohm's Law in Weak Electrolytes}},
   journal = {J. Chem. Phys.},
   year = {1934},
   volume = {2},
   pages = {599},
   doi = {10.1063/1.1749541}
}


@article{Coulomb1785SecondMemoire,
	Author = {C.-A. Coulomb},
	Journal = {{Histoire de l'Acad\'{e}mie Royale des Sciences}},
	Pages = {578},
	Title = {Second m\'{e}moire sur l'\'{e}lectricit\'{e} et le magn\'{e}tisme},
	Year = {1785}}

@article{Kosterlitz1974CriticalProperties,
  author={J. M. Kosterlitz},
  title={{The critical properties of the two-dimensional XY model}},
  journal={J. Phys. C: Solid State Phys.},
  volume={7},
  pages={1046},
  year={1974}
}

@book{Thouless2001TopologyStrongly,
  Author = {D. J. Thouless},
  Title = {{Topology of Strongly Correlated Systems: Edited by P Bicudo {\it et al.}}},
  Publisher = {World Scientific},
  Year = {2001},
  Address = {Singapore},
  isbn = {9810245726}}
	
@article{Berezinskii1973DestructionLongRangeOrder,
	Author = {V. L. Berezinskii},
	Journal = {Sov. Phys.--JETP},
	Title={{Destruction of Long-range Order in One-dimensional and Two-dimensional Systems having a Continuous Symmetry Group I. Classical Systems}},
	Number = {3},
	Volume = {32},
        pages = {493},
	Year = {1971}}

@article{Kosterlitz1973OrderingMetastability,
  author={J. M. Kosterlitz and D. J. Thouless},
  title={Ordering, metastability and phase transitions in two-dimensional systems},
  journal={J. Phys. C: Solid State Phys.},
  volume={6},
  number={7},
  pages={1181},
  year={1973},
  doi={10.1088/0022-3719/6/7/010}
}
	
@article{Beasley1979PossibilityVortexAntiVortex,
  title = {{Possibility of Vortex-Antivortex Pair Dissociation in Two-Dimensional Superconductors}},
  author = {M. R. Beasley and J. E. Mooij and T. P. Orlando},
  journal = {Phys. Rev. Lett.},
  volume = {42},
  number = {17},
  pages = {1165},
  numpages = {4},
  year = {1979},
  month = {Apr},
  publisher = {American Physical Society}
}

@article{Resnick1981KosterlitzThouless,
  title = {{Kosterlitz-Thouless Transition in Proximity-Coupled Superconducting Arrays}},
  author = {D. J. Resnick and J. C. Garland and J. T. Boyd and S. Shoemaker and R. S. Newrock},
  journal = {Phys. Rev. Lett.},
  volume = {47},
  number = {21},
  pages = {1542},
  numpages = {4},
  year = {1981},
  month = {Nov},
  publisher = {American Physical Society}
}

@article{Rasolt1991KTTransitionAndChargeRedistribution,
  title = {{Kosterlitz-Thouless transition and charge redistribution in the superconductivity of YBCO/PBCO superlattices}},
  author = {Rasolt, M. and Edis, T. and Te\ifmmode \check{s}\else \v{s}\fi{}anovi\ifmmode \acute{c}\else \'{c}\fi{}, Z.},
  journal = {Phys. Rev. Lett.},
  volume = {66},
  pages = {2927},
  year = {1991},
  publisher = {American Physical Society}
}


@article{Trombettoni,
  author={A. Trombettoni and A. Smerzi and P. Sodano},
  title={{Observable signature of the Berezinskii-Kosterlitz-Thouless transition in a planar lattice of Bose-Einstein condensates}},
  journal={New J. Phys.},
  volume={7},
  number={1},
  pages={57},
  year={2005}
}

@article{Hadzibabic2006KosterlitzThouless,
  title={{Berezinskii-Kosterlitz-Thouless crossover in a trapped atomic gas}},
  author={Z. Hadzibabic and P. Kr{\"u}ger and M. Cheneau and B. Battelier and J. Dalibard},
  journal={Nature (London)},
  volume={441},
  number={7097},
  pages={1118},
  year={2006},
  publisher={Nature Publishing Group}
}

@article{Bishop1978StudySuperfluid,
  title = {{Study of the Superfluid Transition in Two-Dimensional} $^4${He Films}},
  author = {D. J. Bishop and J. D. Reppy},
  journal = {Phys. Rev. Lett.},
  volume = {40},
  number = {26},
  pages = {1727},
  numpages = {4},
  year = {1978},
  month = {Jun},
  publisher = {American Physical Society}
}

@article{Halperin1978TheoryTwoDimensionalMelting,
  title = {{Theory of Two-Dimensional Melting}},
  author = {Halperin, B. I. and Nelson, David R.},
  journal = {Phys. Rev. Lett.},
  volume = {41},
  issue = {2},
  pages = {121--124},
  numpages = {0},
  year = {1978},
  month = {Jul},
  publisher = {American Physical Society},
  doi = {10.1103/PhysRevLett.41.121},
  url = {https://link.aps.org/doi/10.1103/PhysRevLett.41.121}
}


@article{Birgeneau1978BondOrientationalOrder,
	Author = {R. J. Birgeneau and J. D. Litster},
	Journal = {J. Physique Lett.},
	Title={{Bond orientational order model for smectic B liquid crystals}},
	Number = {21},
	Volume = {39},
        pages = {L399},
	Year = {1978}}

@article{Bernard2011TwoStepMelting,
  title = {Two-Step Melting in Two Dimensions: First-Order Liquid-Hexatic Transition},
  author = {Bernard, E. P. and Krauth, W.},
  journal = {Phys. Rev. Lett.},
  volume = {107},
  pages = {155704},
  year = {2011},
  doi = {10.1103/PhysRevLett.107.155704}
}

@article{Engel2013HardDiskEquationOfState,
  title = {{Hard-disk equation of state: First-order liquid-hexatic transition in two dimensions with three simulation methods}},
  author = {Engel, M. and Anderson, J. A. and Glotzer, S. C. and Isobe, M. and Bernard, E. P. and Krauth, W.},
  journal = {Phys. Rev. E},
  volume = {87},
  pages = {042134},
  year = {2013},
  doi = {10.1103/PhysRevE.87.042134}
}

@article{Thorneywork2017TwoDimensionalMelting,
  title = {{Two-Dimensional Melting of Colloidal Hard Spheres}},
  author = {Thorneywork, A. L. and Abbott, J. L. and Aarts, D. G. A. L. and Dullens, R. P. A.},
  journal = {Phys. Rev. Lett.},
  volume = {118},
  pages = {158001},
  year = {2017},
  doi = {10.1103/PhysRevLett.118.158001}
}

@article{Bramwell1993Magnetization,
  author={S. T. Bramwell and P. C. W. Holdsworth},
  title={{Magnetization and universal sub-critical behaviour in two-dimensional XY magnets}},
  journal={J. Phys.: Condens. Matter},
  volume={5},
  number={4},
  pages={L53},
  year={1993}
}

@article{Archambault1997MagneticFluctuations,
  author={P. Archambault and S. T. Bramwell and P. C. W. Holdsworth},
  title={{Magnetic fluctuations in a finite two-dimensional XY model}},
  journal={J. Phys. A},
  volume={30},
  number={24},
  pages={8363},
  year={1997}
}

@article{Willis1944MagnetismFewMonolayersLimit,
  title = {{Magnetism in the few-monolayers limit: A surface magneto-optic Kerr-effect study of the magnetic behavior of ultrathin films of Co, Ni, and Co-Ni alloys on Cu$(100)$ and Cu$(111)$}}, 
  author = {F. Huang and M. T. Kief and G. J. Mankey and R. F. Willis},
  journal = {Phys. Rev. B},
  volume = {49},
  number = {6},
  pages = {3962},
  numpages = {10},
  year = {1994},
  month = {Feb},
  publisher = {American Physical Society}
}

@article{Elmers1996CriticalPhenomenaTwoDimensionalMagnet,
   author = {H. J. Elmers and J. Hauschild and G. H. Liu and U. Gradmann},
   title = {{Critical phenomena in the two-dimensional XY magnet Fe}$(100)$ on {W}$(100)$},
   journal = {J. Appl. Phys.},
   year = {1996},
   volume = {79},
   number = {8},
   pages = {4984}
}

@article{Taroni2008UniversalWindow,
  author={A. Taroni and S. T. Bramwell and P. C. W. Holdsworth},
  title={Universal window for two-dimensional critical exponents},
  journal={J. Phys.: Condens. Matter},
  volume={20},
  number={27},
  pages={275233},
  year={2008}
}

@article{Jose1977Renormalization,
  title = {Renormalization, vortices, and symmetry-breaking perturbations in the two-dimensional planar model},
  author = {J. V. Jos\'e and L. P. Kadanoff and S. Kirkpatrick and D. R. Nelson},
  journal = {Phys. Rev. B},
  volume = {16},
  number = {3},
  pages = {1217},
  numpages = {25},
  year = {1977},
  month = {Aug},
  publisher = {American Physical Society}
}

@article{Ambegaokar1978DissipationInTwo-dimensionalSuperfluids,
  title = {Dissipation in Two-Dimensional Superfluids},
  author = {Ambegaokar, V. and Halperin, B. I. and Nelson, D. R. and Siggia, E. D.},
  journal = {Phys. Rev. Lett.},
  volume = {40},
  issue = {12},
  pages = {783},
  year = {1978},
  publisher = {American Physical Society}
}

@article{Mermin,
  title = {The topological theory of defects in ordered media},
  author = {N. D. Mermin},
  journal = {Rev. Mod. Phys.},
  volume = {51},
  number = {3},
  pages = {591},
  numpages = {58},
  year = {1979},
  month = {Jul},
  publisher = {American Physical Society}
}

@article{Mermin1966AbsenceFerromagnetism,
  title = {{Absence of Ferromagnetism or Antiferromagnetism in One- or Two-Dimensional Isotropic Heisenberg Models}},
  author = {Mermin, N. D. and Wagner, H.},
  journal = {Phys. Rev. Lett.},
  volume = {17},
  number = {22},
  pages = {1133},
  numpages = {4},
  year = {1966},
  month = {Nov},
  publisher = {American Physical Society}
}


@article{Hohenberg1967ExistenceOfLong-RangeOrder,
  title = {Existence of Long-Range Order in One and Two Dimensions},
  author = {Hohenberg, P. C.},
  journal = {Phys. Rev.},
  volume = {158},
  pages = {383},
  year = {1967},
  publisher = {American Physical Society}
}


@article{Salzberg1963EquationOfStateTwoDimensional,
   author = {A. M. Salzberg and S. Prager},
   title = {{Equation of State for a Two-Dimensional Electrolyte}},
   journal = {J. Chem. Phys.},
   year = {1963},
   volume = {38},
   number = {10}, 
   pages = {2587}
}

@article{LARM,
  title={{Local simulation algorithms for Coulombic interactions}},
  author={L. Levrel and F. Alet and J. Rottler and A. C. Maggs},
  journal={Pramana},
  volume={64},
  number={6},
  pages={1001},
  year={2005},
  publisher={Springer}
}

@article{Maggs2002LocalSimulationAlgorithms,
  title = {{Local Simulation Algorithms for Coulomb Interactions}},
  author = {A. C. Maggs and V. Rossetto},
  journal = {Phys. Rev. Lett.},
  volume = {88},
  number = {19},
  pages = {196402},
  numpages = {4},
  year = {2002},
  month = {Apr},
  publisher = {American Physical Society}
}

	
@phdthesis{Rossetto2002Thesis,
	Author = {V. Rossetto},
	Title= {M\'{e}canique statistique de syst\`{e}mes sous constraintes : topologie de l'{ADN} et simulations \'{e}lectrostatiques. {D}euxi\`{e}me partie : {S}imulations locales d'interactions coulombiennes},
	School = {l'universit\'{e} Pierre-et-Marie-Curie},
	Year = {2002}}
	
@phdthesis{Simon_thesis,
	Author = {S. T. Banks},
	Title= {{Fluctuations of Global Quantities in Highly Correlated Systems}},
	School = {University College London},
	Year = {2005}}

@article{Maggs2005AuxiliaryFieldMCForChargedParticles,
  title={{Auxiliary field Monte Carlo for charged particles}},
  author={A. C. Maggs},
  journal={J. Chem. Phys.},
  volume={120},
  pages={3108},
  year={2004}
}

@article{Maggs2005AuxiliaryFieldSimulation,
  title={{Auxiliary field simulation and Coulomb's law}},
  author={A. C. Maggs and J. Rottler},
  journal={Comput. Phys. Commun.},
  volume={169},
  number={1},
  pages={160},
  year={2005},
  publisher={Elsevier}
}

@article{Rottler2004LocalMD,
  title={{Local Molecular Dynamics with Coulombic Interactions}},
  author={Rottler, J. and Maggs, A. C.},
  journal={Phys. Rev. Lett.},
  volume={93},
  pages={170201},
  year={2004},
  doi={10.1103/PhysRevLett.93.170201}
}


@article{Rottler2004ContinuumMC,
author = {Rottler, J. and Maggs, A. C.},
title = {{A continuum, O(N) Monte Carlo algorithm for charged particles}},
journal = {J. Chem. Phys.},
volume = {120},
pages = {3119},
year = {2004},
doi = {10.1063/1.1642590}
}


@article{LM,
   author = {L. Levrel and A. C. Maggs},
   title = {Boundary conditions in local electrostatics algorithms},
   journal = {J. Chem. Phys.},
   year = {2008},
   volume = {128},
   number = {21}, 
   eid = {214103}
}

@article{Raghu2008VortexDynamicsApproach,
  title = {{Vortex-dynamics approach to the Nernst effect in extreme type-II superconductors dominated by phase fluctuations}},
  author = {S. Raghu and D. Podolsky and A. Vishwanath and D. A. Huse},
  journal = {Phys. Rev. B},
  volume = {78},
  number = {18},
  pages = {184520},
  numpages = {5},
  year = {2008},
  month = {Nov},
  publisher = {American Physical Society}
}

@article{Vallat1994CoulombGas,
  title = {{Coulomb-gas representation of the two-dimensional XY model on a torus}},
  author = {A. Vallat and H. Beck},
  journal = {Phys. Rev. B},
  volume = {50},
  number = {6},
  pages = {4015},
  numpages = {15},
  year = {1994},
  month = {Aug},
  publisher = {American Physical Society}
}

@article{Valalt1992ClassicalFrustratedXY,
  title = {{Classical frustrated     \textit{XY}   model: Continuity of the ground-state energy as a function of the frustration}},
  author = {Vallat, A. and Beck, H.},
  journal = {Phys. Rev. Lett.},
  volume = {68},
  pages = {3096},
  year = {1992},
  publisher = {American Physical Society}
}


@article{JaubertTSfluct,
  title = {{Topological-Sector Fluctuations and Curie-Law Crossover in Spin Ice}},
  author = {L. D. C. Jaubert and M. J. Harris and T. Fennell and R. G. Melko and S. T. Bramwell and P. C. W. Holdsworth},
  journal = {Phys. Rev. X},
  volume = {3},
  number = {1},
  pages = {011014},
  numpages = {13},
  year = {2013},
  month = {Feb},
  publisher = {American Physical Society}
}

@article{harris1997geometrical,
  title = {{Geometrical Frustration in the Ferromagnetic Pyrochlore ${\mathrm{Ho}}_{2}{\mathrm{Ti}}_{2}{O}_{7}$}},
  author = {Harris, M. J. and Bramwell, S. T. and McMorrow, D. F. and Zeiske, T. and Godfrey, K. W.},
  journal = {Phys. Rev. Lett.},
  volume = {79},
  pages = {2554},
  year = {1997}
}

@article {bramwell2001spinicestate,
	author = {Bramwell, S. T. and Gingras, M. J. P.},
	title = {{Spin Ice State in Frustrated Magnetic Pyrochlore Materials}},
	volume = {294},
	pages = {1495},
	year = {2001},
	journal = {Science}
}

@article{Moessner,
  title = {Theory of the $[111]$ magnetization plateau in spin ice},
  author = {R. Moessner and S. L. Sondhi},
  journal = {Phys. Rev. B},
  volume = {68},
  number = {6},
  pages = {064411},
  numpages = {12},
  year = {2003},
  month = {Aug},
  publisher = {American Physical Society}
}

@article{JaubertKasteleyn,
  author={L. D. C. Jaubert and J. T. Chalker and P. C. W. Holdsworth and R. Moessner},
  title={{The Kasteleyn transition in three dimensions: Spin ice} in a $[100]$ field},
  journal={J. Phys.: Conf. Ser.},
  volume={145},
  number={1},
  pages={012024},
  year={2009}
}


@article{BrooksBartlett,
  title = {{Magnetic-Moment Fragmentation and Monopole Crystallization}},
  author = {M. E. Brooks-Bartlett and S. T. Banks and L. D. C. Jaubert and A. Harman-Clarke and P. C. W. Holdsworth},
  journal = {Phys. Rev. X},
  volume = {4},
  number = {1},
  pages = {011007},
  numpages = {16},
  year = {2014},
  month = {Jan},
  publisher = {American Physical Society}
}

@article{castelnovo2012spinice,
author = {Castelnovo, C. and Moessner, R. and Sondhi, S. L.},
title = {{Spin Ice, Fractionalization, and Topological Order}},
journal = {Annu. Rev. Condens. Matter Phys.},
volume = {3},
pages = {35},
year = {2012}}

@article{fulde2002fractional,
author = {Fulde, P. and Penc, K. and Shannon, N.},
title = {{Fractional Charges in Pyrochlore Lattices}},
journal = {Ann. Phys. (Berlin)},
volume = {11},
pages = {892},
year = {2002}}

@article{Chew1994ElectromagneticTheoryLattice,
  title={Electromagnetic theory on a lattice},
  author={W. C. Chew},
  journal={J. Appl. Phys.},
  volume={75},
  number={10},
  pages={4843},
  year={1994},
  publisher={AIP Publishing}
}

@article{Ryzhkin,
  title={Magnetic relaxation in rare-earth oxide pyrochlores},
  author={I. A. Ryzhkin},
  journal={J. Exp. Theor. Phys.},
  volume={101},
  number={3},
  pages={481},
  year={2005},
  publisher={Springer}
}

@article{Castelnovo2008MagneticMonopoles,
  title={Magnetic monopoles in spin ice},
  author={C. Castelnovo and R. Moessner and S. L. Sondhi},
  journal={Nature (London)},
  volume={451},
  number={7174},
  pages={42},
  year={2008},
  publisher={Nature Publishing Group}
}

@article{Jaubert2009SignatureOfMagneticMonopole,
  title={{Signature of magnetic monopole and Dirac string dynamics in spin ice}},
  author={L. D. C. Jaubert and P. C. W. Holdsworth},
  journal={Nat. Phys.},
  volume={5},
  pages={258},
  year={2009},
  publisher={Nature Publishing Group}
}

@article{Morris09,
  title={Dirac strings and magnetic monopoles in the spin ice {D}y$_2${Ti}$_2${O}$_7$},
  author={D. J. P. Morris and D. A. Tennant and S. A. Grigera and B. Klemke and C. Castelnovo and R. Moessner and C. Czternasty and M. Meissner and K. C. Rule and J.-U. Hoffmann {\it et al.}},
  journal={Science},
  volume={326},
  number={5951},
  pages={411},
  year={2009},
  publisher={American Association for the Advancement of Science}
}

@article{Fennell09,
  title={{Magnetic Coulomb phase in the spin ice Ho}$_2${Ti}$_2${O}$_7$},
  author={T. Fennell and P. P. Deen and A. R. Wildes and K. Schmalzl and D. Prabhakaran and A. T. Boothroyd and R. J. Aldus and D. F. McMorrow and S. T. Bramwell},
  journal={Science},
  volume={326},
  number={5951},
  pages={415},
  year={2009},
  publisher={American Association for the Advancement of Science}
}

@article{magnetricity,
  title={Measurement of the charge and current of magnetic monopoles in spin ice},
  author={S. T. Bramwell and S. R. Giblin and S. Calder and R. Aldus and D. Prabhakaran and T. Fennell},
  journal={Nature (London)},
  volume={461},
  number={7266},
  pages={956},
  year={2009},
  publisher={Nature Publishing Group}
}


@article{BramwellHoldsworthHXY,
  title={{Magnetization: A characteristic of the Kosterlitz-Thouless-Berezinskii transition}},
  author={S. T Bramwell and P. C. W. Holdsworth},
  journal={Phys. Rev. B},
  volume={49},
  number={13},
  pages={8811},
  year={1994},
  publisher={APS}
}

@article{PD,
  title={{Coulomb interactions via local dynamics: A molecular-dynamics algorithm}},
  author={I. Pasichnyk and B. D{\"u}nweg},
  journal={J. Phys.: Condens. Matter},
  volume={16},
  number={38},
  pages={S3999},
  year={2004},
  publisher={IOP Publishing}
}

@article{Villain1975TheoryOneAndTwoDimensionalMagnets,
  title={{Theory of one-and two-dimensional magnets with an easy magnetization plane. II. The planar, classical, two-dimensional magnet}},
  author={J. Villain},
  journal={J. Phys.},
  volume={36},
  number={6},
  pages={581},
  year={1975},
  publisher={Soci{\'e}t{\'e} Fran{\c{c}}aise de Physique}
}

@article{Janke1993MonteCarloSimulation,
  title={{Monte Carlo simulation of dimensional crossover in the XY model}},
  author={W. Janke and K. Nather},
  journal={Phys. Rev. B},
  volume={48},
  number={21},
  pages={15807},
  year={1993},
  publisher={American Physical Society}
}

@article{Greiner,
  title={{Quantum phase transition from a superfluid to a Mott insulator in a gas of ultracold atoms}},
  author={M. Greiner and O. Mandel and T. Esslinger and T. W. H\"{a}nsch and I. Bloch},
  journal={Nature (London)},
  volume={415},
  number={6867},
  pages={39},
  year={2002},
  publisher={Nature Publishing Group}
}
@article{Stoferle,
  title={{Transition from a strongly interacting 1D superfluid to a Mott insulator}},
  author={T. St\"{o}ferle and H. Moritz and C. Schori and M. K\"{o}hl and T. Esslinger},
  journal={Phys. Rev. Lett.},
  volume={92},
  number={13},
  pages={130403},
  year={2004},
  publisher={American Physical Society}
}

@article{Murray,
  title = {{Probing the circulation of ring-shaped Bose-Einstein condensates}},
  author = {N. Murray and M. Krygier and M. Edwards and K. C. Wright and G. K. Campbell and C. W. Clark},
  journal = {Phys. Rev. A},
  volume = {88},
  number = {5},
  pages = {053615},
  numpages = {8},
  year = {2013},
  month = {Nov},
  publisher = {American Physical Society}
}
	
@misc{Steve1,
	Author = {S. T. Bramwell {\it Private Communication}},
	Year = {2014}}

@article{Minnhagen_KimPRB,
  title={{Direct evidence of the discontinuous character of the Kosterlitz-Thouless jump}},
  author={P. Minnhagen and B. J. Kim},
  journal={Phys. Rev. B},
  volume={67},
  number={17},
  pages={172509},
  year={2003},
  publisher={American Physical Society}
}
	
@article{Tobochnik,
  title={{Monte Carlo study of the planar spin model}},
  author={J. Tobochnik and G. V. Chester},
  journal={Phys. Rev. B},
  volume={20},
  number={9},
  pages={3761},
  year={1979},
  publisher={American Physical Society}
}
	
@article{Mattis,
  title={Transfer matrix in plane-rotator model},
  author={D. C. Mattis},
  journal={Phys. Lett. A},
  volume={104},
  number={6},
  pages={357},
  year={1984},
  publisher={Elsevier}
}

@article{Weber_MinnhagenPRB,
  title={{Monte Carlo determination of the critical temperature for the two-dimensional XY model}},
  author={H. Weber and P. Minnhagen},
  journal={Phys. Rev. B},
  volume={37},
  number={10},
  pages={5986},
  year={1988},
  publisher={American Physical Society}
}
	

@article{Nelson1977UniversalJump,
  title={Universal jump in the superfluid density of two-dimensional superfluids},
  author={D. R. Nelson and J. M. Kosterlitz},
  journal={Phys. Rev. Lett.},
  volume={39},
  number={19},
  pages={1201},
  year={1977},
  publisher={American Physical Society}
}

@article{JKKNerratum,
  title={{Erratum: Renormalization, vortices, and symmetry-breaking perturbations in the two-dimensional planar model}},
  author={J. V. Jos\'e and L. P. Kadanoff and S. Kirkpatrick and D. R. Nelson},
  journal={Phys. Rev. B},
  volume={17},
  number={3},
  pages={1477},
  year={1978},
  publisher={American Physical Society}
}

@article{Sondhi_Bose_review,
  title={Continuous quantum phase transitions},
  author={S. L. Sondhi and S. M. Girvin and J. P. Carini and D. Shahar},
  journal={Rev. Mod. Phys.},
  volume={69},
  number={1},
  pages={315},
  year={1997},
  publisher={American Physical Society}
}

@article{Lapilli,
  title={Universality away from critical points in two-dimensional phase transitions},
  author={C. M. Lapilli and P. Pfeifer and C. Wexler},
  journal={Phys. Rev. Lett.},
  volume={96},
  number={14},
  pages={140603},
  year={2006},
  publisher={American Physical Society}
}
	
@article{Ahlberg,
  title={{Experimental realization of amorphous two-dimensional XY magnets}},
  author={A. Liebig and P. T. Korelis and M. Ahlberg and B. Hjhj\"{o}rvarsson},
  journal={Phys. Rev. B},
  volume={84},
  number={2},
  pages={024430},
  year={2011},
  publisher={American Physical Society}
}

@article{Gayen,
  title={{Polarized neutron reflectivity study of spin vortices formed in Gd-based Langmuir-Blodgett films}},
  author={S. Gayen and M. K. Sanyal and A. Sarma and M. Wolff and K. Zhernenkov and H. Zabel},
  journal={Phys. Rev. B},
  volume={82},
  number={17},
  pages={174429},
  year={2010},
  publisher={American Physical Society}
}

@article{Mukhopadhyay,
  title={{Polarized neutron scattering and sub-Kelvin magnetization measurements in two-dimensional gadolinium stearate Langmuir-Blodgett films}},
  author={M. K. Mukhopadhyay and M. K. Sanyal and T. Sakakibara and V. Leiner and R. M. Dalgliesh and S. Langridge},
  journal={Phys. Rev. B},
  volume={74},
  number={1},
  pages={014402},
  year={2006},
  publisher={American Physical Society}
}

@book{Binney,
    Author = {J. J. Binney and N. J. Dowrick and A. J. Fisher and M. E. J. Newman},
    Title = {{The Theory of Critical Phenomena: An Introduction to the Renormalization Group}},
    Publisher = {Oxford University Press},
    Address = {Oxford},
    Year = {1992},
    isbn = {0198513933}
}
    
@book{Kittel,
    Author = {C. Kittel},
    Title = {{Introduction to Solid State Physics}},
    Publisher = {Wiley},
    Year = {1996},
    isbn = {047141526X}
}
    
@book{Spitzer,
    Author = {F. L. Spitzer},
    Title = {{Graduate Texts in Mathematics: Volume 34}},
    Publisher = {Springer},
    address = {New York},
    isbn = {978-1-4757-4231-2},
    Year = {1964}}

@article{Feynman,
	Author = {R. P. Feynman},
	Journal = {Prog. Low Temp. Phys. I},
	Year = {1955},
        Volume= {1},
	Pages = {17}}
	
@article{Abrikosov,
  title={{On the Magnetic Properties of Superconductors of the Second Group}},
  author={A. A. Abrikosov},
  journal={Sov. Phys. JETP},
  volume={5},
  number={6},
  Pages = {1174},
  year={1957}
}

@article{Hasan,
  title={Colloquium: topological insulators},
  author={M. Z. Hasan and C. L. Kane},
  journal={Rev. Mod. Phys.},
  volume={82},
  number={4},
  pages={3045},
  year={2010},
  publisher={American Physical Society}
}

@article{Hivet,
  title={Half-solitons in a polariton quantum fluid behave like magnetic monopoles},
  author={R. Hivet and H. Flayac and D. D. Solnyshkov and D. Tanese and T. Boulier and D. Andreoli and E. Giacobino and J. Bloch and A. Bramati and G. Malpuech and Amo, A.},
  journal={Nat. Phys.},
  volume={8},
  number={10},
  pages={724},
  year={2012},
  publisher={Nature Publishing Group}
}

@article{Muhlbauer,
  title={Skyrmion lattice in a chiral magnet},
  author={M{\"u}hlbauer, S. and Binz, B. and Jonietz, F. and Pfleiderer, C. and Rosch, A. and Neubauer, A. and Georgii, R. and B{\"o}ni, P.},
  journal={Science},
  volume={323},
  number={5916},
  pages={915},
  year={2009},
  publisher={American Association for the Advancement of Science}
}

@article{Klitzing,
  title = {{New Method for High-Accuracy Determination of the Fine-Structure Constant Based on Quantized Hall Resistance}},
  author = {von Klitzing, K. and Dorda, G. and Pepper, M.},
  journal = {Phys. Rev. Lett.},
  volume = {45},
  number = {6},
  pages = {494},
  numpages = {4},
  year = {1980},
  month = {Aug},
  publisher = {American Physical Society}
}

@article{Geim,
  title={{Two-dimensional gas of massless Dirac fermions in graphene}},
  author={Novoselov, K. S. and Geim, A. K. and Morozov, S. V. and Jiang, D. and Katsnelson, M. I. and Grigorieva, I. V. and Dubonos, S. V. and Firsov, A. A.},
  journal={Nature (London)},
  volume={438},
  number={7065},
  pages={197},
  year={2005},
  publisher={Nature Publishing Group}
}

@article{Kim,
  title={{Experimental observation of the quantum Hall effect and Berry's phase in graphene}},
  author={Zhang, Y. and Tan, Y.-W. and Stormer, H. L. and Kim, P.},
  journal={Nature (London)},
  volume={438},
  number={7065},
  pages={201},
  year={2005},
  publisher={Nature Publishing Group}
}

@article{Faulkner2015TSFandErgodicityBreaking,
  title = {{Topological-sector fluctuations and ergodicity breaking at the Berezinskii-Kosterlitz-Thouless transition}},
  author = {Faulkner, Michael F. and Bramwell, Steven T. and Holdsworth, Peter C. W.},
  journal = {Phys. Rev. B},
  volume = {91},
  pages = {155412},
  year = {2015},
  doi = {10.1103/PhysRevB.91.155412}
}


@article{Faulkner2017AnElectricFieldRepresentation,
  title = {{An electric-field representation of the harmonic XY model}},
  author = {Faulkner, M. F. and Bramwell, S. T. and Holdsworth, P. C. W.},
  journal = {J. Phys.: Condens. Matter},
  volume = {29},
  pages = {085402},
  year={2017}
}

@article{Roscilde2016FromQuantum,
  title = {{From quantum to thermal topological-sector fluctuations of strongly interacting bosons in a ring lattice}},
  author = {Roscilde, T. and Faulkner, M. F. and Bramwell, S. T. and Holdsworth, P. C. W.},
  journal = {New J. Phys.},
  volume={18},
  pages={075003},
  year={2016}
}

@article{Palmer1982,
  title={Broken ergodicity},
  author={Palmer, R. G.},
  journal={Adv. Phys.},
  volume={31},
  number={6},
  pages={669},
  year={1982},
  publisher={Taylor \& Francis}
}


@article{Bramwell2015PhaseOrder,
  title={{Phase order in superfluid helium films}},
  author={Bramwell, S. T. and Faulkner, M. F.  and Holdsworth, P. C. W. and Taroni, A.},
  journal = {EPL (Europhys. Lett.)},
  volume = {112},
  pages = {56003},
  year = {2015}
}

@article{Kaiser2013OnsagersWienEffect,
  title={{Onsager's Wien effect on a lattice}},
  author={Kaiser, V. and Bramwell, S. T. and Holdsworth, P. C. W. and Moessner, R.},
  journal = {Nat. Mater.},
  volume = {12},
  pages = {1033},
  year = {2013}
}

@article{Kaiser2015ACWienEffectInSpinIce,
  title = {{ac Wien Effect in Spin Ice, Manifest in Nonlinear, Nonequilibrium Susceptibility}},
  author = {Kaiser, V. and Bramwell, S. T. and Holdsworth, P. C. W. and Moessner, R.},
  journal = {Phys. Rev. Lett.},
  volume = {115},
  pages = {037201},
  year = {2015}
}

@phdthesis{MyThesis,
	Author = {Faulkner, M. F.},
	Title= {Topological and emergent phenomena in lattice BKT systems},
	School = {UCL / ENS Lyon},
	Year = {2015}}

@article{Baturina2007QuantumMetallicity,
  title = {{Quantum Metallicity on the High-Field Side of the Superconductor-Insulator Transition}},
  author = {Baturina, T. I. and Strunk, C. and Baklanov, M. R. and Satta, A.},
  journal = {Phys. Rev. Lett.},
  volume = {98},
  pages = {127003},
  year = {2007},
  publisher = {American Physical Society}
}


@article{Baturina2013Superinsulator,
author = {T. I. Baturina and V. M. Vinokur},
title = {Superinsulator–superconductor duality in two dimensions},
journal = {Ann. Phys.},
volume = {331},
pages = {236},
year = {2013}
}

@article{Vinokur2008Superinsulator,
  title={Superinsulator and quantum synchronization},
  author={Vinokur, V. M. and Baturina, T. I. and Fistul, M. V. and Mironov, A. Yu. and Baklanov, M. R. and Strunk, C.},
  journal={Nature (London)},
  volume={452},
  number={7187},
  pages={613},
  year={2008},
  publisher={Nature Publishing Group}
}

@article{Minnhagen1987Review2DCG,
  title = {The two-dimensional Coulomb gas, vortex unbinding, and superfluid-superconducting films},
  author = {Minnhagen, P.},
  journal = {Rev. Mod. Phys.},
  volume = {59},
  pages = {1001},
  year = {1987},
  publisher = {American Physical Society}
}


@article{Minnhagen1981UniversalResistiveTransition,
  title = {Universal resistive transition for two-dimensional superconductors},
  author = {Minnhagen, P.},
  journal = {Phys. Rev. B},
  volume = {24},
  pages = {6758},
  year = {1981},
  publisher = {American Physical Society}
}

@article{Wolf1981TwoDimensionalPhaseTransition,
  title = {{Two-Dimensional Phase Transition in Granular NbN Films}},
  author = {Wolf, S. A. and Gubser, D. U. and Fuller, W. W. and Garland, J. C. and Newrock, R. S.},
  journal = {Phys. Rev. Lett.},
  volume = {47},
  pages = {1071},
  year = {1981},
  publisher = {American Physical Society}
}

@article{kapaklis2014artificalSI,
  title={Thermal fluctuations in artificial spin ice},
  author={Kapaklis, V. and Arnalds, U. B. and Farhan, A. and Chopdekar, R. V. and Balan, A. and Scholl, A. and Heyderman, L. J. and Hj{\"o}rvarsson, B.},
  journal={Nat. Nanotechnol.},
  volume={9},
  pages={514},
  year={2014},
  publisher={Nature Publishing Group}
}


@article{Michel2015EventChain,
  title={{Event-chain Monte Carlo for classical continuous spin models}},
  author={Michel, M. and Mayer, J. and Krauth, W.},
  journal={EPL (Europhys. Lett.)},
  volume={112},
  pages={20003},
  year={2015},
  doi={10.1209/0295-5075/112/20003}
}

@article{perram1988algorithm,
  title={{An algorithm for the simulation of condensed matter which grows as the 3/2 power of the number of particles}},
  author={Perram, J. W. and Petersen, H. G. and de Leeuw, S. W.},
  journal={Mol. Phys.},
  volume={65},
  number={4},
  pages={875},
  year={1988},
  publisher={Taylor \& Francis}
}

@article{essmann1995smooth,
  title={{A smooth particle mesh Ewald method}},
  author={Essmann, U. and Perera, L. and Berkowitz, M. L. and Darden, T. and Lee, H. and Pedersen, L. G.},
  journal={J. Chem. Phys.},
  volume={103},
  number={19},
  pages={8577},
  year={1995},
  publisher={AIP Publishing}
}

@article{barnes1986hierarchical,
  title={{A hierarchical O (N log N) force-calculation algorithm}},
  author={Barnes, J. and Hut, P.},
  journal={Nature (London)},
  volume={324},
  pages={446},
  year={1986},
  publisher={Nature Publishing Group}
}

@article{sagui1999molecular,
  title={Molecular dynamics simulations of biomolecules: long-range electrostatic effects},
  author={Sagui, C. and Darden, T. A.},
  journal={Annu. Rev. Biophys. Biomol. Struct.},
  volume={28},
  pages={155},
  year={1999}
}

@article{schlick1999algorithmic,
  title={Algorithmic challenges in computational molecular biophysics},
  author={Schlick, T. and Skeel, R. D. and Brunger, A. T. and Kal{\'e}, L. V. and Board, J. A. and Hermans, J. and Schulten, K.},
  journal={J. Comput. Phys.},
  volume={151},
  pages={9},
  year={1999}
}

@article{gelbart2000dna-inspired,
  title={{DNA‐Inspired Electrostatics}},
  author={Gelbart, W. M. and  Bruinsma, R. F. and Pincus, P. A. and Parsegian, V. A.},
  journal={Physics Today},
  volume={53},
  pages={38},
  year={2000}
}

@article{Bernard2009EventChain,
  title = {{Event-chain Monte Carlo algorithms for hard-sphere systems}},
  author = {Bernard, E. P. and Krauth, W. and Wilson, D. B.},
  journal = {Phys. Rev. E},
  volume = {80},
  pages = {056704},
  year = {2009},
  publisher = {American Physical Society},
  doi = {10.1103/PhysRevE.80.056704}
}

@article{Peters2012RejectionFreeMonteCarlo,
  title = {{Rejection-free Monte Carlo sampling for general potentials}},
  author = {Peters, E. A. J. F. and de With, G.},
  journal = {Phys. Rev. E},
  volume = {85},
  pages = {026703},
  year = {2012},
  doi = {10.1103/PhysRevE.85.026703}
}


@article{Bierkens2017APiecewiseDeterministic,
  title={A piecewise deterministic scaling limit of lifted Metropolis--Hastings in the Curie--Weiss model},
  author={Bierkens, J. and Roberts, G. O.},
  journal={Ann. Appl. Probab.},
  volume={27},
  pages={846},
  year={2017},
  doi={10.1214/16-AAP1217}
}

@article{kozik2006vortex-phonon,
  title = {{Vortex-phonon interaction in the Kosterlitz-Thouless theory}},
  author = {Kozik, E. and Prokof'ev, N. and Svistunov, B.},
  journal = {Phys. Rev. B},
  volume = {73},
  pages = {092501},
  year = {2006}
}

@article{Metropolis1953EquationOfState,
  title={Equation of state calculations by fast computing machines},
  author={Metropolis, N. and Rosenbluth, A. W. and Rosenbluth, M. N. and Teller, A. H. and Teller, E.},
  journal={J. Chem. Phys.},
  volume={21},
  pages={1087},
  year={1953},
  doi = {10.1063/1.1699114}
}

@article{Hastings1970MonteCarloSampling,
  title={{Monte Carlo sampling methods using Markov chains and their applications}},
  author={Hastings, W. K.},
  journal={Biometrika},
  volume={57},
  pages={97},
  year={1970}
}

@article{Alder1957PhaseTransition,
   author = {{Alder, B. J. and Wainwright, T. E.}},
    title = {{Phase Transition for a Hard Sphere System}},
  journal = {J. Chem. Phys.},
     year = 1957,
   volume = 27,
    pages = {1208},
      doi = {10.1063/1.1743957}
}

@article{murray2013probing,
  title = {{Probing the circulation of ring-shaped Bose-Einstein condensates}},
  author = {Murray, N. and Krygier, M. and Edwards, M. and Wright, K. C. and Campbell, G. K. and Clark, C. W.},
  journal = {Phys. Rev. A},
  volume = {88},
  pages = {053615},
  year = {2013}
}


@article{Jaubert2010spiniceunderpressure,
  title = {Spin Ice under Pressure: Symmetry Enhancement and Infinite Order Multicriticality},
  author = {Jaubert, L. D. C. and Chalker, J. T. and Holdsworth, P. C. W. and Moessner, R.},
  journal = {Phys. Rev. Lett.},
  volume = {105},
  pages = {087201},
  year = {2010}
}

@article{Jaubert2008three-dimensional,
  title = {Three-Dimensional Kasteleyn Transition: Spin Ice in a [100] Field},
  author = {Jaubert, L. D. C. and Chalker, J. T. and Holdsworth, P. C. W. and Moessner, R.},
  journal = {Phys. Rev. Lett.},
  volume = {100},
  pages = {067207},
  year = {2008}
}

@article{deGraaf2012electrostaticinteractionbetweenjanus,
   author = {de Graaf, J. and Boon, N. and Dijkstra, M. and van Roij, R.},
   title = {{Electrostatic interactions between Janus particles}},
   journal = {J. Chem. Phys.},
   year = {2012},
   volume = {137},
   pages = {104910}
}

@article{Kapfer2016Cell-vetoMCAlgorithm,
  title = {{Cell-veto Monte Carlo algorithm for long-range systems}},
  author = {Kapfer, S. C. and Krauth, W.},
   journal = {Phys. Rev. E},
  volume = {94},
  pages = {031302},
  year={2016}
}

@article{Pearl1964CurrentDistribution,
   author = {Pearl, J.},
   title = {Current distribution in superconducting films carrying quantized fluxoids},
   journal = {Appl. Phys. Lett.},
   year = {1964},
   volume = "5",
   pages = {65}
}

@article{Pitaevskii1961VortexLines,
  title={Vortex lines in an imperfect Bose gas},
  author={Pitaevskii, L. P.},
  journal={Sov. Phys.--JETP},
  volume={13},
  pages={451},
  year={1961}
}

@article{Gross1961StructureOfQuantized,
author={Gross, E. P.},
title={{Structure of a quantized vortex in boson systems}},
journal={Il Nuovo Cimento (1955-1965)},
year={1961},
volume={20},
pages={454}
}

@article{deGraaf2012electrostaticinteractionbetweenjanus,
   author = {de Graaf, J. and Boon, N. and Dijkstra, M. and van Roij, R.},
   title = {{Electrostatic interactions between Janus particles}},
   journal = {J. Chem. Phys.},
   year = {2012},
   volume = {137},
   pages = {104910}
}

@article{Luan2008electro-osmoticscreening,
  title = {{Electro-osmotic screening of the DNA charge in a nanopore}},
  author = {Luan, B. and Aksimentiev, A.},
  journal = {Phys. Rev. E},
  volume = {78},
  pages = {021912},
  year = {2008}
}

@article{Garaj2010grapheneasasubnanometre,
  title = {{Graphene as a subnanometre trans-electrode membrane}},
  author = {Garaj, S. and Hubbard, W. and Reina, A. and Kong, J. and Branton, D. and Golovchenko, J. A.},
  journal = {Nature (London)},
  volume = {467},
  pages = {190},
  year = {2010}
}

@article{Jakubczyk2016AmplitudeFluctuations,
  title = {{Amplitude fluctuations in the Berezinskii-Kosterlitz-Thouless phase}},
  author = {P. Jakubczyk and W. Metzner},
  archivePrefix = {arXiv},
  eprint = {arXiv:1606.04547},
  primaryClass = {cond-mat.stat-mech},
  year={2016}
}


@article{Moessner1998PropertiesOfAClassicalSpinLiquid,
  title = {{Properties of a Classical Spin Liquid: The Heisenberg Pyrochlore Antiferromagnet}},
  author = {Moessner, R. and Chalker, J. T.},
  journal = {Phys. Rev. Lett.},
  volume = {80},
  pages = {2929},
  year = {1998},
  publisher = {American Physical Society}
}

@article{Michel2014GeneralizedEventChain,
   author = {Michel, M. and Kapfer, S. C. and Krauth, W.},
   title = {{Generalized event-chain Monte Carlo: Constructing rejection-free global-balance algorithms from infinitesimal steps}},
   journal = {J. Chem. Phys.},
   year = {2014},
   volume = {140},
   pages = {054116}
}

@article{Nishikawa2015EventChainAlgorithm,
  title = {Event-chain algorithm for the Heisenberg model: Evidence for $z\ensuremath{\simeq}1$ dynamic scaling},
  author = {Nishikawa, Y. and Michel, M. and Krauth, W. and Hukushima, K.},
  journal = {Phys. Rev. E},
  volume = {92},
  pages = {063306},
  year = {2015},
  doi = {10.1103/PhysRevE.92.063306}
}

@article{Fisher2010SuperfluidTransitions,
  author={Fisher, M. E.},
  title={{Superfluid transitions: Proximity eases confinement}},
  journal={Nat. Phys.},
  volume={6},
  pages={483},
  year={2010}
}

@article{Fisher2010Superfluid,
  title={{Superfluid transitions: Proximity eases confinement}},
  author={Fisher, M. E.},
  journal={Nat. Phys.},
  volume={6},
  pages={483},
  year={2010}
}

@article{Gasparini2008Finite-sizeScalingHelium,
  title = {{Finite-size scaling of $^{4}\mathrm{He}$ at the superfluid transition}},
  author = {Gasparini, F. M. and Kimball, M. O. and Mooney, K. P. and Diaz-Avila, M.},
  journal = {Rev. Mod. Phys.},
  volume = {80},
  pages = {1009},
  year = {2008}
}

@article{Petit2016ObservationMagneticFragmentation,
  title={{Observation of magnetic fragmentation in spin ice}},
  author={Petit, S. and Lhotel, E. and Canals, B. and Hatnean, M. C. and Ollivier, J. and Mutka, H. and Ressouche, E. and Wildes, A. R. and Lees, M. R. and Balakrishnan, G.},
  journal={Nat. Phys.},
  volume={12}, 
  pages={746}, 
  year={2016},
  publisher={Nature Publishing Group}
}

@article{Baity2016EffectiveTwoDimensionalThickness,
  title = {{Effective two-dimensional thickness for the Berezinskii-Kosterlitz-Thouless-like transition in a highly underdoped ${\mathrm{La}}_{2\ensuremath{-}x}{\mathrm{Sr}}_{x}{\mathrm{CuO}}_{4}$}},
  author = {Baity, P. G. and Shi, X. and Shi, Z. and Benfatto, L. and Popovi\ifmmode \acute{c}\else \'{c}\fi{}, D.},
  journal = {Phys. Rev. B},
  volume = {93},
  pages = {024519},
  year = {2016},
  doi = {10.1103/PhysRevB.93.024519}
}


@article{Shi2016EvidenceCorrelatedDynamics,
  title = {{Evidence for correlated dynamics near the Berezinskii-Kosterlitz-Thouless-like transition in highly underdoped ${\mathrm{La}}_{2\ensuremath{-}x}{\mathrm{Sr}}_{x}{\mathrm{CuO}}_{4}$}},
  author = {Shi, Z. and Shi, X. and Popovi\ifmmode \acute{c}\else \'{c}\fi{}, D.},
  journal = {Phys. Rev. B},
  volume = {94},
  pages = {134503},
  year = {2016},
  doi = {10.1103/PhysRevB.94.134503}
}

@article{Kikuchi1991Metropolis,
author = {Kikuchi, K. and Yoshida, M. and Maekawa, T. and Watanabe, H.},
title = {{Metropolis Monte Carlo method as a numerical technique to solve the Fokker—Planck equation}},
journal = {Chem. Phys. Lett.},
volume = {185},
pages = {335},
year = {1991},
doi = {10.1016/S0009-2614(91)85070-D}
}

@article{Roberts1997WeakConvergence,
author = {Roberts, G. O. and Gelman, A. and Gilks, W. R.},
title = {{Weak convergence and optimal scaling of random walk Metropolis algorithms}},
journal = {Ann. Appl. Probab.},
volume = {7},
pages = {110},
doi = {10.1214/aoap/1034625254},
year = {1997}
}

@article{Gelman1996EfficientMetropolisJumpingRules,
  title={Efficient Metropolis jumping rules},
  author={Gelman, A. and Roberts, G. O. and Gilks, W. R.},
  journal={Bayesian Statistics},
  volume={5},
  pages={599},
  year={1996}
}

@article{Neal2006OptimalScalingForPartially,
  title={{Optimal scaling for partially updating MCMC algorithms}},
  author={Neal, P. and Roberts, G.},
  journal={Ann. Appl. Probab.},
  volume={16},
  pages={475},
  year={2006}
}

@article{Jiang2018ImprovedLocalLattceMonteCarlo,
author = {Jiang, Jian and Wang, Zhen-Gang},
title = {{Improved local lattice Monte Carlo simulation for charged systems}},
journal = {J. Chem. Phys.},
volume = {148},
pages = {114105},
year = {2018},
doi = {10.1063/1.5023491}
}

@article{Bardeen1965TheoryMotionVorticesSuperconductors,
  title = {Theory of the Motion of Vortices in Superconductors},
  author = {Bardeen, J. and Stephen, M. J.},
  journal = {Phys. Rev.},
  volume = {140},
  pages = {A1197--A1207},
  year = {1965},
  doi = {10.1103/PhysRev.140.A1197}
}

@article{Minnhagen1995NewExponentNonlinearIV,
  title = {New Exponent for the Nonlinear $\mathit{IV}$ Characteristics of a Two Dimensional Superconductor},
  author = {Minnhagen, P. and Westman, O. and Jonsson, A. and Olsson, P.},
  journal = {Phys. Rev. Lett.},
  volume = {74},
  pages = {3672},
  year = {1995},
  doi = {10.1103/PhysRevLett.74.3672}
}

@article{Ambegaokar1980DynamicsSuperfluidFilms,
  title = {Dynamics of superfluid films},
  author = {Ambegaokar, V. and Halperin, B. I. and Nelson, D. R. and Siggia, E. D.},
  journal = {Phys. Rev. B},
  volume = {21},
  pages = {1806},
  year = {1980},
  doi = {10.1103/PhysRevB.21.1806}
}

@article{Sanz2010DynamicMCVsBrownianDynamics,
  title={{Dynamic Monte Carlo versus Brownian dynamics: A comparison for self-diffusion and crystallization in colloidal fluids}},
  author={Sanz, E. and Marenduzzo, D.},
  journal={J. Chem. Phys.},
  volume={132},
  pages={194102},
  year={2010},
  publisher={AIP}
}

@article{Cuetos2015EquivalenceOfBrownianDynamicsAndDynamicMC,
  title = {{Equivalence of Brownian dynamics and dynamic Monte Carlo simulations in multicomponent colloidal suspensions}},
  author = {Cuetos, A. and Patti, A.},
  journal = {Phys. Rev. E},
  volume = {92},
  pages = {022302},
  year = {2015},
  doi = {10.1103/PhysRevE.92.022302}
}

@book{Brooks2011HandbookOfMCMC,
  title={{Handbook of Markov Chain Monte Carlo}},
  author={Brooks, S. and Gelman, A. and Jones, G. and Meng, X.-L.},
  year={2011},
  publisher={Chapman and Hall / CRC}
}

@article{Bedard2008OptimalAcceptanceRatesForMetrop,
title = {{Optimal acceptance rates for Metropolis algorithms: Moving beyond 0.234}},
author = {Myl\`{e}ne B\'{e}dard},
journal = {Stoch. Process. Their Appl.},
volume = {118},
pages = {2198},
year = {2008},
doi = {https://doi.org/10.1016/j.spa.2007.12.005}
}

@article{Maggs2002DynamicsOfALocalAlgorithm,
author = {Maggs, A.~C.},
title = {Dynamics of a local algorithm for simulating Coulomb interactions},
journal = {J. Chem. Phys.},
volume = {117},
pages = {1975},
year = {2002},
doi = {10.1063/1.1487821}}

@article{Berthier2007MCDynamicsOfABinaryLennardJones,
  title = {{The Monte Carlo dynamics of a binary Lennard-Jones glass-forming mixture}},
  author = {L Berthier and W Kob},
  journal = {J. Phys.: Condens. Matt.},
  volume = {19},
	pages = {205130},
  year = {2007},
	doi = {10.1088/0953-8984/19/20/205130}}

  @article{Pfleiderer2008GlassyDynamics,
  title = {Glassy dynamics in monodisperse hard ellipsoids},
  author = {P. Pfleiderer and K. Milinkovic and T. Schilling},
	journal = {{EPL (Europhys. Lett.)}},
  volume = {84},
	pages = {16003},
  year = 2008,
	doi = {10.1209/0295-5075/84/16003}}

  @article{Patti2009StringlikeClusters,
  title = {{Stringlike Clusters and Cooperative Interlayer Permeation in Smectic Liquid Crystals Formed by Colloidal Rods}},
  author = {Patti, A. and El Masri, D. and van Roij, R. and Dijkstra, M.},
  journal = {Phys. Rev. Lett.},
  volume = {103},
  pages = {248304},
  year = {2009},
  doi = {10.1103/PhysRevLett.103.248304}
}

@article{Auer2001PredictionAbsoluteCrystalNucleation,
  title={Prediction of absolute crystal-nucleation rate in hard-sphere colloids},
  author={Auer, S. and Frenkel, D.},
  journal={Nature},
  volume={409},
  pages={1020},
  year={2001},
  doi = {10.1038/35059035}
}

@article{Chern20013DDynamicMCDrivenPolymer,
author = {Chern, Shyh-Shi and Cárdenas, A. E. and Coalson, R. D.},
title = {{Three-dimensional dynamic Monte Carlo simulations of driven polymer transport through a hole in a wall}},
journal = {J. Chem. Phys.},
volume = {115},
pages = {7772},
year = {2001},
doi = {10.1063/1.1392367}}

@article{Dambal2009ConformationalDynamicsDNA,
author = {Dambal, A. and Shaqfeh, E. S. G.},
title = {{The conformational dynamics of $\lambda$-DNA in the anti-Brownian electrokinetic trap: Brownian dynamics and Monte Carlo simulation}},
journal = {J. Chem. Phys.},
volume = {131},
pages = {224905},
year = {2009},
doi = {10.1063/1.3251058}}

@article{Huang2009SimulationStudyVesicle,
author = {Huang, J. and Wang, Y. and Qian, C.},
title = {Simulation study on the formation of vesicle and influence of solvent},
journal = {J. Chem. Phys.},
volume = {131},
pages = {234902},
year = {2009},
doi = {10.1063/1.3273422}}

@article{Kiselev2011LateralDynamicsOfProteins,
title = {{Lateral Dynamics of Proteins with Polybasic Domain on Anionic Membranes: A Dynamic Monte-Carlo Study}},
author = {V. Y. Kiselev and D. Marenduzzo and A. B. Goryachev},
journal = {Biophys. J.},
volume = {100},
pages = {1261},
year = {2011},
doi = {10.1016/j.bpj.2011.01.025}}

@article{Jabbari2012DynamicMCColloids,
author = {Jabbari-Farouji, S. and Trizac, E.},
title = {{Dynamic Monte Carlo simulations of anisotropic colloids}},
journal = {J. Chem. Phys.},
volume = {137},
pages = {054107},
year = {2012},
doi = {10.1063/1.4737928}}

@article{Levrel2005MCAlgorithmForChargedLatticeGases,
  title = {{Monte Carlo algorithm for charged lattice gases}},
  author = {L. Levrel and A. C. Maggs},
  journal = {Phys. Rev. B},
  volume = {72},
  pages = {016715},
  year = {2005}}

  @article{Holmlund1997IVCharacteristicsFor2dSuperconductors,
  title={{I--V characteristics for 2D superconductors from simulations of the 2D Coulomb gas: density dependence and exponents}},
  author={Holmlund, K. and Minnhagen, P.},
  journal={Physica C},
  volume={292},
  pages={255},
  year={1997}
}

@article{Davison2016HydrodynamicTheoryQuantumFluctuatingSuperconductivity,
  title = {Hydrodynamic theory of quantum fluctuating superconductivity},
  author = {Davison, R. A. and Delacr\'etaz, L. V. and Gout\'eraux, B. and Hartnoll, S. A.},
  journal = {Phys. Rev. B},
  volume = {94},
  pages = {054502},
  year = {2016},
  doi = {10.1103/PhysRevB.94.054502}
}

@article{Lei2018IrreversibleMarkovChains,
  title = {{Irreversible Markov chains in spin models: Topological excitations}},
  author = {Lei, Z. and Krauth, W.},
  journal = {EPL (Europhys. Lett.)},
  volume = {121},
  pages = {10008},
  year = {2018},
  doi = {10.1209/0295-5075/121/10008}
}

@article{Kapfer2017IrreversibleLocalMarkovChains,
  title = {{Irreversible Local Markov Chains with Rapid Convergence towards Equilibrium}},
  author = {Kapfer, S. C. and Krauth, W.},
  journal = {Phys. Rev. Lett.},
  volume = {119},
  pages = {240603},
  year = {2017},
  doi = {10.1103/PhysRevLett.119.240603}
}

@article{Lei2018MixingAndPerfectSampling,
  title = {Mixing and perfect sampling in one-dimensional particle systems},
  author = {Lei, Z. and Krauth, W.},
  journal = {EPL (Europhys. Lett.)},
  volume = {124},
  pages = {20003},
  year = {2018},
  doi = {10.1209/0295-5075/124/20003}
}

@article{Faulkner2018AllAtomComputations,
  title = {{All-atom computations with irreversible Markov chains}},
  author = {Faulkner, M. F. and Qin, L. and Maggs, A. C. and Krauth, W.},
  journal = {J. Chem. Phys.},
  volume = {149},
  pages = {064113},
  year = {2018},
  doi = {}
}

@article{Hoellmer2019JeLLyFysh,
  title = {{JeLLyFysh-Version1.0 -- a Python application for all-atom event-chain Monte Carlo}},
  author = {Hoellmer, P. and Qin, L. and Faulkner, M. F. and Maggs, A. C. and Krauth, W.},
  journal={arXiv},
  archivePrefix = {arXiv},
  eprint = {arXiv:1907.12502},
  primaryClass = {physics.comp-ph},
  year={2019}
}

@article{Berthoumieux2010CollectiveDispersionForces,
  title = {Collective dispersion forces in the fluid state},
  author = {Berthoumieux, H. and Maggs, A. C.},
  journal = {EPL (Europhys. Lett.)},
  volume = {91},
  pages = {56006},
  year = {2010},
  doi = {10.1209/0295-5075/91/56006}
}

@article{Greengard1987AFastAlgorithm,
  title = {A fast algorithm for particle simulations},
  author = {Greengard, L. and Rokhlin, V.},
  journal = {J. Comp. Phys.},
  volume = {73},
  pages = {325},
  year = {1987},
  doi = {}
}

@article{Cornell1996ASecondGenerationForceField,
  author = {Cornell, W. D. and Cieplak, P. and Bayly, C. I. and Gould, I. R. and Merz, K. M. and Ferguson, D. M. and Spellmeyer, D. C. and Fox, T. and Caldwell, J. W. and Kollman, P. A.},
  title = {{A Second Generation Force Field for the Simulation of Proteins, Nucleic Acids, and Organic Molecules}},
  journal = {J. Am. Chem. Soc.},
  volume = {117},
  pages = {5179},
  year = {1995},
doi = {10.1021/ja00124a002}
}

@article {Brooks2009CHARMM,
  author = {Brooks, B. R. and Brooks, C. L. and Mackerell, A. D. and Nilsson, L. and Petrella, R. J. and Roux, B. and Won, Y. and Archontis, G. and Bartels, C. and Boresch, S. and Caflisch, A. and Caves, L. and Cui, Q. and Dinner, A. R. and Feig, M. and Fischer, S. and Gao, J. and Hodoscek, M. and Im, W. and Kuczera, K. and Lazaridis, T. and Ma, J. and Ovchinnikov, V. and Paci, E. and Pastor, R. W. and Post, C. B. and Pu, J. Z. and Schaefer, M. and Tidor, B. and Venable, R. M. and Woodcock, H. L. and Wu, X. and Yang, W. and York, D. M. and Karplus, M.},
  title = {{CHARMM: The biomolecular simulation program}},
  journal = {J. Comput. Chem.},
  volume = {30},
  pages = {1545},
  year = {2009},
  doi = {10.1002/jcc.21287}
}

@article{Plimpton1995LAAMPS,
author = {S. Plimpton},
title = {{Fast Parallel Algorithms for Short-Range Molecular Dynamics}},
journal = {J. Comp. Phys.},
volume = {117},
pages = {1},
year = {1995},
doi = {10.1006/jcph.1995.1039}
}

@article {VanderSpoel2005GROMACS,
  author = {Van {der} Spoel, D. and Lindahl, E. and Hess, B. and Groenhof, G. and Mark, A. E. and Berendsen, H. J. C.},
  title = {{GROMACS: Fast, flexible, and free}},
  journal = {J. Comput. Chem.},
  volume = {26},
  pages = {1701},
  year = {2005},
doi = {10.1002/jcc.20291}
}

@article {Phillips2005ScalableMolecularDynamicsWithNAMD,
  author = {Phillips, J. C. and Braun, R. and Wang, W. and Gumbart, J. and Tajkhorshid, E. and Villa, E. and Chipot, C. and Skeel, R. D. and Kalé, L. and Schulten, K.},
  title = {{Scalable molecular dynamics with NAMD}},
  journal = {J. Comput. Chem.},
  volume = {26},
  pages = {1781},
  year = {2005},
  doi = {10.1002/jcc.20289}
}

@article{Shaw2010Atomic,
  title={Atomic-level characterization of the structural dynamics of proteins},
  author={Shaw, D. E and Maragakis, P. and Lindorff-Larsen, K. and Piana, S. and Dror, R. O and Eastwood, M. P and Bank, J. A and Jumper, J. M and Salmon, J. K. and Shan, Y. and Wriggers, W.},
  journal={Science},
  volume={330},
  pages={341},
  year={2010},
  doi={10.1126/science.1187409}
}

@article{Shaw2008Anton,
  title = {{Anton, a Special-purpose Machine for Molecular Dynamics Simulation}},
  author = {Shaw, D. E. and Deneroff, M. M. and Dror, R. O. and Kuskin, J. S. and Larson, R. H. and Salmon, J. K. and Young, C. and Batson, B. and Bowers, K. J. and Chao, J. C. and Eastwood, M. P. and Gagliardo, J. and Grossman, J. P. and Ho, C. R. and Ierardi, D. J. and Kolossv\'{a}ry, I. and Klepeis, J. L. and Layman, T. and McLeavey, C. and Moraes, M. A. and Mueller, R. and Priest, E. C. and Shan, Y. and Spengler, J. and Theobald, M. and Towles, B. and Wang, S. C.},
  journal = {Commun. ACM},
  volume = {51},
  pages = {91},
  year = {2008},
  doi = {10.1145/1250662.1250664}
}

@article{Shan2005GaussianSplitEwald,
  author = {Y. Shan and J. L. Klepeis and M. P. Eastwood and R. O. Dror and D. E. Shaw},
  title = {{Gaussian split Ewald: A fast Ewald mesh method for molecular simulation}},
  journal = {J. Chem. Phys.},
  volume = {122},
  pages = {054101},
  year = {2005},
  doi = {10.1063/1.1839571}
}

@book{Hockney1988ComputerSimulationUsingParticles,
 author = {Hockney, R. W. and Eastwood, J. W.},
 title = {Computer Simulation Using Particles},
 year = {1988},
 isbn = {0-85274-392-0},
 publisher = {Taylor \& Francis, Inc.},
 address = {Bristol, PA, USA},
}

@article{Essmann1995ASmoothParticleMeshEwaldMethod,
  author = {U. Essmann and L. Perera and M. L. Berkowitz and T. Darden and H. Lee and L. G. Pedersen},
  title = {{A smooth particle mesh Ewald method}},
  journal = {J. Chem. Phys.},
  volume = {103},
  pages = {8577},
  year = {1995},
  doi = {10.1063/1.470117}
}

@article{Limbach2006ESPResSo,
  author = {H. J. Limbach and A. Arnold and B. A. Mann and C. Holm},
  title = {{ESPResSo—an extensible simulation package for research on soft matter systems}},
  journal = {Comput. Phys. Commun.},
  volume = {174},
  pages = {704},
  year = {2006},
  doi = {10.1016/j.cpc.2005.10.005}
}

@article{Sagui2001MultigridMethods,
  author = {C. Sagui and T. Darden},
  title = {Multigrid methods for classical molecular dynamics simulations of biomolecules},
  journal = {J. Chem. Phys.},
  volume = {114},
  pages = {6578},
  year = {2001},
  doi = {10.1063/1.1352646}
}

@book{Levin2008MarkovChains,
  title = {{Markov Chains and Mixing Times}},
  author = {Levin, D. A. and Peres, Y. and Wilmer, E. L.},
  year = {2008},
  publisher = {American Mathematical Society},
}

@article{Adcock2006MolecularDynamics,
  title={Molecular dynamics: survey of methods for simulating the activity of proteins},
  author={Adcock, S. A and McCammon, J. A.},
  journal={Chem. Rev.},
  volume={106},
  pages={1589},
  year={2006},
  doi={10.1021/cr040426m}
}

@article{Verlet1967ComputerExperiments,
  title = {{Computer "Experiments" on Classical Fluids. I. Thermodynamical Properties of Lennard-Jones Molecules}},
  author = {Verlet, L.},
  journal = {Phys. Rev.},
  volume = {159},
  pages = {98},
  year = {1967},
  doi = {10.1103/PhysRev.159.98}
}

@article{Rovigatti2011NoEvidence,
  title = {{No Evidence of Gas-Liquid Coexistence in Dipolar Hard Spheres}},
  author = {Rovigatti, L. and Russo, J. and Sciortino, F.},
  journal = {Phys. Rev. Lett.},
  volume = {107},
  pages = {237801},
  year = {2011},
  doi = {10.1103/PhysRevLett.107.237801}
}

@article{Kim2014Issues,
  title={Issues on the choice of a proper time step in molecular dynamics},
  author={Kim, S.},
  journal={Phys. Procedia},
  volume={53},
  pages={60},
  year={2014},
  doi={10.1016/j.phpro.2014.06.027}
}

@article {Smith2015Opening,
	title = {Opening the window for aqueous electrolytes},
  author = {Smith, L. and Dunn, B.},
  journal = {Science},
	volume = {350},
	pages = {918},
	year = {2015},
	doi = {10.1126/science.aad5575}
}

@article{Pang2011Origin,
  title={Origin of giant ionic currents in carbon nanotube channels},
  author={Pang, P. and He, J. and Park, J. H. and Krsti\'{c}, P. S and Lindsay, S.},
  journal={ACS Nano},
  volume={5},
  pages={7277},
  year={2011},
  doi={10.1021/nn202115s}
}

@article{Faulkner2020SecondPower,
  title={Second power spectrum in the two-dimensional electrolyte signalling nonergodicity and correlated dynamics in 
  the low-temperature Berezinksii-Kosterlitz-Thouless phase},
  author={Faulkner, M. F.},
  journal={(In preparation)},
  year={2020}
}

@article{Livingstone2019Kinetic,
  title={{Kinetic energy choice in Hamiltonian/hybrid Monte Carlo}},
  author={Livingstone, S. and Faulkner, M. F. and Roberts, G. O.},
  journal={Biometrika},
  volume={106},
  pages={303},
  year={2019},
  doi={10.1093/biomet/asz013}
}

@article{Faulkner2020SamplingMethods,
  title={Sampling methods in statistical physics: a statistician's perspective},
  author={Faulkner, M. F. and Livingstone, S.},
  journal={(In preparation)},
  year={2020}
}

@article{Iijima1991HelicalMicrotubules,
  title={Helical microtubules of graphitic carbon},
  author={Iijima, S.},
  journal={Nature},
  volume={354},
  pages={56},
  year={1991},
  doi={10.1038/354056a0}
}

@article{Azamat2015Removal,
  title={Removal of trihalomethanes from aqueous solution through armchair carbon nanotubes: a molecular dynamics study},
  author={Azamat, J. and Khataee, A. and Joo, S. W. and Yin, B.},
  journal={J. Mol. Graphics Modell.},
  volume={57},
  pages={70},
  year={2015},
  publisher={Elsevier},
  doi={10.1016/j.jmgm.2015.01.008}
}

@article{Fong2019IonTransport,
author = {Fong, K. D. and Self, J. and Diederichsen, K. M. and Wood, B. M. and McCloskey, B. D. and Persson, K. A.},
title = {{Ion Transport and the True Transference Number in Nonaqueous Polyelectrolyte Solutions for Lithium Ion Batteries}},
journal = {ACS Cent. Sci.},
volume = {5},
pages = {1250},
year = {2019},
doi = {10.1021/acscentsci.9b00406}
}

@article{Paufler2008ProteinCondensation,
author = {Paufler, P. P.},
title = {{Protein Condensation}},
journal = {Acta Crystallogr. Sect. F Struct. Biol. Cryst. Commun.},
volume = {64(Pt 4)},
pages = {326},
year = {2008},
doi = {10.1107/S1744309108005666}
}

@article{DeGennes1970PairCorrelations,
author = {de Gennes, P.G. and Pincus, P.A.},
title = {{Pair correlations in a ferromagnetic colloid}},
journal = {Phys. Kondens. Mater.},
volume = {11},
pages = {189},
year = {1970},
doi = {10.1007/BF02422637}
}

@article{Michel2017Forward,
  title={{Forward Event-Chain Monte Carlo: Fast sampling by randomness control in irreversible Markov chains}},
  author={Michel, M. and Durmus, A. and S{\'e}n{\'e}cal, S.},
  journal={arXiv},
  archivePrefix={arXiv},
  eprint={arXiv:1702.08397},
  primaryClass={stat.CO},
  year={2017}
}

@article{Wittmer2011Scale-free,
  author = {Wittmer, J.~P. and Poli{\'n}ska, P. and Meyer, H. and Farago, J. and Johner, A. and Baschnagel, J. and Cavallo, A.},
  title = {{Scale-free center-of-mass displacement correlations in polymer melts without topological constraints and momentum conservation: A bond-fluctuation model study}},
  journal = {J. Chem. Phys.},
  volume = {134},
  pages = {234901},
  year = {2011},
  doi = {10.1063/1.3601918}
}

@article{Neal2004Improving,
  title={{Improving asymptotic variance of MCMC estimators: Non-reversible chains are better}},
  author={Neal, R. M.},
  journal={arXiv},
  archivePrefix={arXiv},
  eprint={arXiv:math/0407281},
  primaryClass={math.PR},
  year={2004}
}

@article{Tisza1938Transport,
  title={{Transport phenomena in helium II}},
  author={Tisza, L.},
  journal={Nature},
  volume={141},
  pages={913},
  year={1938},
  doi={10.1038/141913a0}
}

@article{Elizondo2020Arrested,
author ="Elizondo-Aguilera, L. F. and Cort\'{e}s-Morales, E. C. and Zubieta Rico, Pablo F. and Medina-Noyola, M. and Casta\~{n}eda-Priego, R. and Voigtmann, T. and P\'{e}rez-\'{A}ngel, G.",
title  ="Arrested dynamics of the dipolar hard sphere model",
journal  ="Soft Matter",
volume  ="16",
pages  ="170",
year  ="2020",
doi  ="10.1039/C9SM00687G"
}

@article{Deigiannidis2018Randomized,
  title = {{Randomized Hamiltonian Monte Carlo as Scaling Limit of the Bouncy Particle Sampler and Dimension-Free 
    Convergence Rates}},
  author = {Deigiannidis, G. and Paulin, D. and Bouchard-C\^{o}t\'{e}, A. and and Doucet, A.},
  journal={arXiv},
  archivePrefix = {arXiv},
  eprint = {arXiv:1808.04299},
  primaryClass = {stat.CO},
  year={2018}
}

@article{Debye1923Theorie,
  title={De la theorie des electrolytes. I. abaissement du point de congelation et phenom\`{e}nes associes},
  author={Debye, P. and H\"{u}ckel, E.},
  journal={Phys. Z.},
  volume={24},
  pages={185},
  year={1923}
}

@article{Forsman1923Classical,
  title={{A Classical Density Functional Theory of Ionic Liquids}},
  author={J. Forsman and C. E. Woodward and M. Trulsson},
  journal={J. Phys. Chem. B},
  volume={115},
  pages={4606},
  year={2011},
  doi={10.1021/jp111747w}
}

@article{Evans2015Quantifying,
  title = {{Quantifying Density Fluctuations in Water at a Hydrophobic Surface: Evidence for Critical Drying}},
  author = {Evans, R. and Wilding, N. B.},
  journal = {Phys. Rev. Lett.},
  volume = {115},
  pages = {016103},
  year = {2015},
  doi = {10.1103/PhysRevLett.115.016103}
}

@article{Tsong1987Electroconformational,
  title={Electroconformational coupling and membrane protein function},
  author={Tsong, T. Y. and Astumian, R. D.},
  journal={Prog. Biophys. Mol. Biol.},
  volume={50},
  pages={1},
  year={1987},
  doi={10.1016/0079-6107(87)90002-2}
}

@article{Koster2005Device,
  title = {Device model for the operation of polymer/fullerene bulk heterojunction solar cells},
  author = {Koster, L. J. A. and Smits, E. C. P. and Mihailetchi, V. D. and Blom, P. W. M.},
  journal = {Phys. Rev. B},
  volume = {72},
  pages = {085205},
  year = {2005},
  doi = {10.1103/PhysRevB.72.085205}
}

@article{Park2009Effect,
  title = {{Effect of electric field on electrical conductivity of dielectric liquids mixed with polar additives: DC conductivity}},
  author = {Park, J. K. and Ryu, J. C. and Kim, W. K. and Kang, K. H.},
  journal = {J. Phys. Chem. B},
  volume = {113},
  pages = {12271},
  year = {2009},
  doi = {10.1021/jp9015189}
}

@article{Eigen2958SelfDissociation,
  title = {{Self-dissociation and protonic charge transport in water and ice}},
  author = {Eigen, M. and Demaeyer, L.},
  journal = {Proc. R. Soc. Lond. A},
  volume = {247},
  pages = {505},
  year = {1958},
  doi = {10.1098/rspa.1958.0208}
}

@article{Bruesch2004Electric,
author = {Br\:{u}esch, P. and Christen, T.},
title = {The electric double layer at a metal electrode in pure water},
journal = {J. Appl. Phys.},
volume = {95},
pages = {2846},
year = {2004},
doi = {10.1063/1.1641517}
}

@article{Swendsen1987Nonuniversal,
  title = {{Nonuniversal critical dynamics in Monte Carlo simulations}},
  author = {Swendsen, R. H. and Wang, J.-S.},
  journal = {Phys. Rev. Lett.},
  volume = {58},
  pages = {86},
  year = {1987},
  doi = {10.1103/PhysRevLett.58.86}
}

@incollection{Bbiercuk2007Electrical,
  title={Electrical transport in single-wall carbon nanotubes},
  author={Biercuk, M. J. and Ilani, S. and Marcus, C. M. and McEuen, P. L.},
  booktitle={Carbon Nanotubes},
  pages={455--493},
  year={2007},
  publisher={Springer}
}

@article{Picinbono1997Ergodicity,
  title={Ergodicity and fourth-order spectral moments},
  author={Picinbono, B.},
  journal={IEEE Trans. Inf. Theory},
  volume={43},
  pages={1273},
  year={1997},
  doi={10.1109/18.605593}
}

@article{Mendel1991Tutorial,
  title={{Tutorial on higher-order statistics (spectra) in signal processing and system theory: Theoretical results and some applications}},
  author={Mendel, J. M},
  journal={Proc. IEEE},
  volume={79},
  pages={278},
  year={1991},
  doi={10.1109/5.75086}
}

@article{Hinich1994Higher,
  title={Higher order cumulants and cumulant spectra},
  author={Hinich, M. J},
  journal={Circuits, Systems and Signal Processing},
  volume={13},
  pages={391},
  year={1994},
  doi={10.1007/BF01183737}
}

@article{Sanaullah2013AReview,
  title={A review of higher order statistics and spectra in communication systems},
  author={Sanaullah, M.},
  journal={Global Journal of Science Frontier Research, Physics and Space Science},
  volume={13},
  year={2013}
}

@inproceedings{Wu2009ANewAlgorithm,
  title={{A new algorithm to testing departure from Gaussianity of stationary process based on trispectrum}},
  author={Wu, Y.},
  booktitle={2009 International Conference on Networks Security, Wireless Communications and Trusted Computing},
  volume={2},
  pages={52},
  year={2009},
  organization={IEEE},
  doi={10.1109/NSWCTC.2009.41}
}

@inproceedings{Picinbono1999Polyspectra,
    author = {B. Picinbono},
    title = {Polyspectra of ordered signals},
    booktitle = {EURASIP Journal on Advances in Signal Processing},
    year = {1999},
    pages = {2239--2252}
}

@article{Sk2020Nonlinear,
  title={{Nonlinear Current--Voltage Characteristics in Composite Systems Consisting of YBCO Superconductor and Y 2 CoMnO 6}},
  author={Sk, T. and Ghosh, A. K.},
  journal={J. Low Temp. Phys.},
  volume={198},
  pages={224--232},
  year={2020},
  doi={10.1007/s10909-019-02323-2}
}


@article{Daptary2016Correlated,
  title = {{Correlated non-Gaussian phase fluctuations in ${\mathrm{LaAlO}}_{3}/{\mathrm{SrTiO}}_{3}$ heterointerfaces}},
  author = {Daptary, G. N. and Kumar, S. and Kumar, P. and Dogra, A. and Mohanta, N. and Taraphder, A. and Bid, A.},
  journal = {Phys. Rev. B},
  volume = {94},
  pages = {085104},
  year = {2016},
  doi = {10.1103/PhysRevB.94.085104}
}

@article{Kindermann2017Nonergodic,
  title={Nonergodic diffusion of single atoms in a periodic potential},
  author={Kindermann, F. and Dechant, A. and Hohmann, M. and Lausch, T. and Mayer, D. and Schmidt, F. and Lutz, E. and Widera, A.},
  journal={Nature Physics},
  volume={13},
  number={2},
  pages={137--141},
  year={2017},
  doi={10.1038/nphys3911}
}

@article{Deng2009Ergodic,
  title = {{Ergodic properties of fractional Brownian-Langevin motion}},
  author = {Deng, W. and Barkai, E.},
  journal = {Phys. Rev. E},
  volume = {79},
  pages = {011112},
  year = {2009},
  doi = {10.1103/PhysRevE.79.011112}
}

@InProceedings{Lu2017Relativistic,
  title = {{Relativistic Monte Carlo}},
  author = {Lu, X. and Perrone, V. and L. Hasenclever and Teh, Y. W. and Vollmer, S.},
  booktitle = {Proceedings of the 20th International Conference on Artificial Intelligence and Statistics (AISTATS 2017)},
  volume = {54},
  pages = {1236},
  year = {2017}
}